@InProceedings{ kempe:2003,
	author = "David Kempe and Jon Kleinberg and {\'E}va Tardos",
	title = "Maximizing the spread of influence through a social network",
	booktitle = "Proceedings of the ninth ACM SIGKDD international conference on Knowledge discovery and data mining",
	series = "KDD '03",
	year = "2003",
	isbn = "1-58113-737-0",
	location = "Washington, D.C.",
	pages = "137--146",
	numpages = "10",
	url = "http://doi.acm.org/10.1145/956750.956769",
	doi = "http://doi.acm.org/10.1145/956750.956769",
	acmid = "956769",
	publisher = "ACM",
	address = "New York, NY, USA",
	keywords = "approximation algorithms, diffusion of innovations, social networks, viral marketing"
}

@InProceedings{ kimura:2007,
	author = "Masahiro Kimura and Kazumi Saito and Ryohei Nakano",
	title = "Extracting influential nodes for information diffusion on a social network",
	booktitle = "Proceedings of the 22nd national conference on Artificial intelligence - Volume 2",
	year = "2007",
	isbn = "978-1-57735-323-2",
	location = "Vancouver, British Columbia, Canada",
	pages = "1371--1376",
	numpages = "6",
	url = "http://portal.acm.org/citation.cfm?id=1619797.1619865",
	acmid = "1619865",
	publisher = "AAAI Press"
}

@article{ kimura:2010,
 author = {Kimura, Masahiro and Saito, Kazumi and Nakano, Ryohei and Motoda, Hiroshi},
 title = {Extracting influential nodes on a social network for information diffusion},
 journal = {Data Mining Knowledge Discovery},
 volume = {20},
 issue = {1},
 month = {January},
 year = {2010},
 issn = {1384-5810},
 pages = {70--97},
 numpages = {28},
 url = {http://dx.doi.org/10.1007/s10618-009-0150-5},
 doi = {http://dx.doi.org/10.1007/s10618-009-0150-5},
 acmid = {1713200},
 publisher = {Kluwer Academic Publishers},
 address = {Hingham, MA, USA},
 keywords = {Bond percolation, Influence maximization problem, Information diffusion model, Social network analysis},
} 

